@online{
	title = {The Bresenham Line Algorithm},
	author = {Carter, Tom},
	date = {2014-10-08},
	publisher = {California State University, Stanislaus State, Department of computer Science},
	url = {http://csustan.csustan.edu/~tom/Lecture-Notes/Graphics/Bresenham-Line/Bresenham-Line.pdf}
}